<record><leader>00000cas a22000007a 4500</leader><controlfield tag="001">2262429</controlfield><controlfield tag="008">760620d19282009paudn ne      0   a0eng d</controlfield><datafield ind1=" " ind2=" " tag="010"><subfield code="a">sn 86001804 </subfield></datafield><datafield ind1=" " ind2=" " tag="040"><subfield code="a">PIT</subfield><subfield code="b">eng</subfield><subfield code="c">PIT</subfield><subfield code="d">NSD</subfield><subfield code="d">NPH</subfield><subfield code="d">CUS</subfield><subfield code="d">UPM</subfield><subfield code="d">OCLCQ</subfield><subfield code="d">DLC</subfield><subfield code="d">OCLCF</subfield></datafield><datafield ind1=" " ind2=" " tag="012"><subfield code="m">1</subfield></datafield><datafield ind1=" " ind2=" " tag="019"><subfield code="a">926171193</subfield><subfield code="a">990481207</subfield></datafield><datafield ind1="1" ind2=" " tag="022"><subfield code="a">0889-4140</subfield><subfield code="l">0889-4140</subfield><subfield code="2">1</subfield></datafield><datafield ind1="1" ind2=" " tag="029"><subfield code="a">AU@</subfield><subfield code="b">000025804134</subfield></datafield><datafield ind1="1" ind2=" " tag="029"><subfield code="a">NZ1</subfield><subfield code="b">16075554</subfield></datafield><datafield ind1=" " ind2=" " tag="032"><subfield code="a">143320</subfield><subfield code="b">USPS</subfield></datafield><datafield ind1=" " ind2=" " tag="042"><subfield code="a">nsdp</subfield></datafield><datafield ind1=" " ind2=" " tag="043"><subfield code="a">n-us-pa</subfield></datafield><datafield ind1="0" ind2="0" tag="050"><subfield code="a">Newspaper</subfield></datafield><datafield ind1=" " ind2="0" tag="222"><subfield code="a">Intelligencer journal</subfield></datafield><datafield ind1="0" ind2="0" tag="245"><subfield code="a">Intelligencer journal.</subfield></datafield><datafield ind1="3" ind2="0" tag="246"><subfield code="a">Daily intelligencer journal</subfield></datafield><datafield ind1="1" ind2="7" tag="246"><subfield code="a">Lancaster daily intelligencer journal</subfield></datafield><datafield ind1=" " ind2=" " tag="260"><subfield code="a">Lancaster, Pa. :</subfield><subfield code="b">Steinman &amp; Steinman,</subfield><subfield code="c">1928-</subfield></datafield><datafield ind1=" " ind2=" " tag="300"><subfield code="a">v. :</subfield><subfield code="b">ill. ;</subfield><subfield code="c">58 cm.</subfield></datafield><datafield ind1=" " ind2=" " tag="310"><subfield code="a">Daily (except Sun.)</subfield></datafield><datafield ind1="0" ind2=" " tag="362"><subfield code="a">Vol. 64, no. 229 (May 26, 1928)-</subfield></datafield><datafield ind1="1" ind2=" " tag="362"><subfield code="a">Ceased with issue for June 26, 2009.</subfield></datafield><datafield ind1=" " ind2=" " tag="500"><subfield code="a">The word "daily" appears in the logo &lt;1928-&gt;.</subfield></datafield><datafield ind1=" " ind2=" " tag="580"><subfield code="a">March 2008-June 2009, Saturday and holiday edition co-produced with: Lancaster new era, as: Intelligencer journal/Lancaster new era, which continues both newspapers after they merge as a single daily beginning June 29, 2009.</subfield></datafield><datafield ind1=" " ind2="0" tag="651"><subfield code="a">Lancaster (Pa.)</subfield><subfield code="v">Newspapers.</subfield></datafield><datafield ind1=" " ind2="7" tag="655"><subfield code="a">Newspapers.</subfield><subfield code="2">fast</subfield><subfield code="0">(OCoLC)fst01423814</subfield></datafield><datafield ind1=" " ind2="7" tag="651"><subfield code="a">Pennsylvania</subfield><subfield code="z">Lancaster.</subfield><subfield code="2">fast</subfield><subfield code="0">(OCoLC)fst01206374</subfield></datafield><datafield ind1=" " ind2=" " tag="752"><subfield code="a">United States</subfield><subfield code="b">Pennsylvania</subfield><subfield code="c">Lancaster</subfield><subfield code="d">Lancaster.</subfield></datafield><datafield ind1="0" ind2=" " tag="775"><subfield code="t">Sunday news (Lancaster, Pa)</subfield><subfield code="w">(DLC)sn 87080024</subfield></datafield><datafield ind1="0" ind2="0" tag="780"><subfield code="t">Lancaster intelligencer. News journal</subfield><subfield code="w">(DLC)sn 87078001</subfield><subfield code="w">(OCoLC)14238614</subfield></datafield><datafield ind1="1" ind2="7" tag="785"><subfield code="t">Lancaster new era</subfield><subfield code="w">(DLC)sn 83045277</subfield><subfield code="w">(OCoLC)9398280</subfield></datafield><datafield ind1="1" ind2="7" tag="785"><subfield code="t">Intelligencer journal/Lancaster new era</subfield><subfield code="w">(OCoLC)421037464</subfield></datafield></record>